@misc{em_notes,
  author       = {Andrew Ng and Tengyu Ma},
  title        = {CS229 Lecture Notes Part IX: The EM Algorithm},
  year         = {2019},
  howpublished = {\url{https://cs229.stanford.edu/summer2023/cs229-notes8.pdf}},
  note         = {CS229: Machine Learning, Summer 2023, Stanford University}
}

@article{gmvae,
  title   = {Deep unsupervised clustering with gaussian mixture variational autoencoders},
  author  = {Dilokthanakul, Nat and Mediano, Pedro AM and Garnelo, Marta and Lee, Matthew CH and Salimbeni, Hugh and Arulkumaran, Kai and Shanahan, Murray},
  journal = {arXiv preprint arXiv:1611.02648},
  year    = {2016}
}

@article{kmeans,
  title   = {Cluster analysis of multivariate data: efficiency versus interpretability of classifications},
  author  = {Forgy, Edward W},
  journal = {biometrics},
  volume  = {21},
  pages   = {768--769},
  year    = {1965}
}

@article{m2,
  title   = {Semi-supervised learning with deep generative models},
  author  = {Kingma, Durk P and Mohamed, Shakir and Jimenez Rezende, Danilo and Welling, Max},
  journal = {Advances in neural information processing systems},
  volume  = {27},
  year    = {2014}
}

@misc{vae,
  title     = {Auto-encoding variational bayes},
  author    = {Kingma, Diederik P and Welling, Max and others},
  year      = {2013},
  publisher = {Banff, Canada}
}